<?xml version="1.0" encoding="UTF-8"?><record xmlns="http://www.loc.gov/MARC21/slim" xmlns:cinclude="http://apache.org/cocoon/include/1.0" xmlns:zs="http://www.loc.gov/zing/srw/">
  <leader>00608cz  a2200169n  4500</leader>
  <controlfield tag="001">no2001041664</controlfield>
  <controlfield tag="003">DLC</controlfield>
  <controlfield tag="005">20060725052022.0</controlfield>
  <controlfield tag="008">010523n| acannaabn          |a aaa     c</controlfield>
  <datafield tag="010" ind1=" " ind2=" ">
    <subfield code="a">no2001041664</subfield>
  </datafield>
  <datafield tag="035" ind1=" " ind2=" ">
    <subfield code="a">(OCoLC)oca05494468</subfield>
  </datafield>
  <datafield tag="040" ind1=" " ind2=" ">
    <subfield code="a">DJBF</subfield>
    <subfield code="b">eng</subfield>
    <subfield code="c">DJBF</subfield>
    <subfield code="d">CLU</subfield>
  </datafield>
  <datafield tag="100" ind1="1" ind2=" ">
    <subfield code="a">Villar Gómez, Leonardo</subfield>
  </datafield>
  <datafield tag="400" ind1="1" ind2=" ">
    <subfield code="a">Gómez, Leonardo Villar</subfield>
  </datafield>
  <datafield tag="400" ind1="1" ind2=" ">
    <subfield code="a">Villar, Leonardo</subfield>
    <subfield code="q">(Villar Gómez)</subfield>
  </datafield>
  <datafield tag="670" ind1=" " ind2=" ">
    <subfield code="a">Política cambiaria en un proceso de ajuste ordenado (in: Boletín del CEMLA) May/Jun. 2000:</subfield>
    <subfield code="b">p. 118 (Leonardo Villar Gómez)</subfield>
  </datafield>
  <datafield tag="670" ind1=" " ind2=" ">
    <subfield code="a">OCLC, 5/17/01</subfield>
    <subfield code="b">(hdg.: Villar, Leonardo; usage: Leonardo Villar)</subfield>
  </datafield>
</record>